%% Created using Papers on Fri, 26 Sep 2014.
%% http://papersapp.com/papers/

@inproceedings{Giaccone2005,
author = {Giaccone, P and Leonardi, E and Shah, D},
title = {{On the maximal throughput of networks with finite buffers and its application to buffered crossbars}},
booktitle = {Proceedings of the 24th Annual Joint Conference of the IEEE Computer and Communications Societies},
year = {2005},
pages = {971--980},
publisher = {IEEE}
}

@article{Dai2005,
author = {Dai, J G and Lin, W Q},
title = {{Maximum pressure policies in Stochastic processing networks}},
journal = {Operations Research},
year = {2005},
volume = {53},
number = {2},
pages = {197--218}
}

@inproceedings{Ishii2001,
author = {Ishii, H and Francis, B A},
title = {{Stabilizing a linear system by switching control with dwell time}},
booktitle = {Proceedings of the 2001 American Control Conference},
year = {2001},
pages = {1876--1881},
publisher = {IEEE}
}

@article{Zhang2013,
author = {Zhang, H M and Nie, Yu (Marco) and Qian, Zhen (Sean)},
title = {{Modelling network flow with and without link interactions: the cases of point queue, spatial queue and cell transmission model}},
journal = {Transportmetrica B: Transport Dynamics},
year = {2013},
volume = {1},
number = {1},
pages = {33--51}
}

@article{Osorio2009,
author = {Osorio, Carolina and Bierlaire, Michel},
title = {{An analytic finite capacity queueing network model capturing the propagation of congestion and blocking}},
journal = {European Journal of Operational Research},
year = {2009},
volume = {196},
number = {3},
pages = {996--1007},
month = aug
}

@article{Papageorgiou2003,
author = {Papageorgiou, Markos and Wang, Yibing and Kiakaki, Christina and Dinopoulou, Vaya and Kotsialos, Apostolos},
title = {{Review of road traffic control strategies}},
journal = {Proceedings of the IEEE},
year = {2003},
volume = {91},
number = {12},
pages = {2043--2067},
month = dec
}

@inproceedings{Pajic2013,
author = {Pajic, Miroslav and Sundaram, S and Pappas, George J},
title = {{Stabilizability over Deterministic Relay Networks}},
booktitle = {Proceedings of the 52nd IEEE Conference on Decision and Control},
year = {2013}
}

@article{Tassiulas1992,
author = {Tassiulas, L and Ephremides, Anthony},
title = {{Stability properties of constrained queueing systems and scheduling policies for maximum throughput in multihop radio networks}},
journal = {IEEE Transactions on Automatic Control},
year = {1992},
volume = {37},
number = {12},
pages = {1936--1948},
month = dec
}

@article{Neely2005,
author = {Neely, M J and Modiano, E and Rohrs, C E},
title = {{Dynamic power allocation and routing for time-varying wireless networks}},
journal = {IEEE Journal on Selected Areas in Communications},
year = {2005},
volume = {23},
number = {1},
pages = {89--103},
month = jan
}

@article{Varaiya2013,
author = {Varaiya, Pravin P},
title = {{Max pressure control of a network of signalized intersections}},
journal = {Transportation Research Part C: Emerging Technologies},
year = {2013},
volume = {36},
pages = {1--19},
month = nov
}

@inproceedings{Wongpiromsarn2012,
author = {Wongpiromsarn, T and Uthaicharoenpong, T and Wang, Yu and Frazzoli, E and Wang, Danwei},
title = {{Distributed traffic signal control for maximum network throughput}},
booktitle = {Proceedings of the 15th International IEEE Conference on Intelligent Transportation Systems },
year = {2012},
pages = {588--595},
publisher = {IEEE}
}

@inproceedings{vandenBerg2003,
author = {van den Berg, M and Hegyi, A and De Schutter, Bart and Hellendoorn, Hans},
title = {{A macroscopic traffic flow model for integrated control of freeway and urban traffic networks}},
booktitle = {Proceedings of the 42nd IEEE Conference on Decision and Control},
year = {2003},
pages = {2774--2779},
publisher = {IEEE}
}

@inproceedings{Egerstedt2002,
author = {Egerstedt, M and Wardi, Y},
title = {{Multi-process control using queuing theory}},
booktitle = {Proceedings of the 41st IEEE Conference on Decision and Control, 2002},
year = {2002},
pages = {1991--1996},
publisher = {IEEE}
}

@article{Aboudolas2009,
author = {Aboudolas, K and Papageorgiou, Markos and Kosmatopoulos, E},
title = {{Store-and-forward based methods for the signal control problem in large-scale congested urban networks}},
journal = {Transportation Research Part C: Emerging Technologies},
year = {2009},
volume = {17},
pages = {163--174}
}

@inproceedings{Osorio2008,
author = {Osorio, Carolina and Bierlaire, Michel},
title = {{A multiple model approach for traffic signal optimization in the city of Lausanne}},
booktitle = {Proceedings of the 8th Swiss Transport Research Conference},
year = {2008}
}

@article{Miller1963,
author = {Miller, Alan J},
title = {{Settings for Fixed-Cycle Traffic Signals}},
journal = {Operational Research Quarterly},
year = {1963},
volume = {14},
number = {4},
pages = {373--386},
month = dec
}

@article{Allsop1972,
author = {Allsop, Richard E},
title = {{Estimating the traffic capacity of a signalized road junction}},
journal = {Transportation Research},
year = {1972},
volume = {6},
number = {3},
pages = {245--255}
}

@inproceedings{Brockett1995,
author = {Brockett, Roger},
title = {{Stabilization of motor networks}},
booktitle = {Proceedings of the 34th IEEE Conference on Decision and Control, 1995},
year = {1995},
pages = {1484--1488},
publisher = {IEEE}
}

