%%%%%%%%%%%%%%%%%%%%%%%%%%%%%%%%%%%%
%random stuffs
@article{Johnson,
        author = {Edgar G. Johnson and Alfred O. Nier},
        title = {Angular Aberrations in Sector Shaped 
        Electromagnetic Lenses for Focusing Beams of Charged Particles},
        journal = {Physical Review},
        volume = {91},
        number = {1},
        month = {jul},
        year = {1953}
}

@phdthesis{Zoran,
        author = {Zoran Racic},
        title = {\'Etude et essais du spectromètre à plasma {DYMIO}
	de la  mission {MARS 96}},
        publisher = {Université Pierre et Marie Curie},
        year = {1996}
}

%%%%%%%%%%%%%%%%%%%%%%%%%%%%%%%%%%%%
%max pressure


@article{MaxPressureStochastic,
author = {Varaiya, Pravin},
title = {Max pressure control of a network of signalized intersections},
journal = {Transportation Research Part C: Emerging Technologies},
year = {2013},
volume = {36},
number = {C},
pages = {1--19},
month = nov
}


@inproceedings{MaxPressureStochasticConcurrent,
author = {Wongpiromsarn, T and Uthaicharoenpong, T and Wang, Yu and Frazzoli, E and Wang, Danwei},
title = {Distributed traffic signal control for maximum network throughput},
booktitle = {15th International IEEE Conference on Intelligent Transportation Systems},
year = {2012},
pages = {588--595},
publisher = {IEEE}
}


@article{MaxPressureOriginal,
author = {Tassiulas, L and Ephremides, A},
title = {Stability properties of constrained queueing systems and scheduling policies for maximum throughput in multihop radio networks},
journal = {IEEE Transactions on Automatic Control},
year = {1992},
volume = {37},
number = {12},
pages = {1936--1948},
month = {dec}
}


@inproceedings{MaxPressureFiniteCapacities,
author = {Giaccone, P and Leonardi, E and Shah, D},
title = {On the maximal throughput of networks with finite buffers and its application to buffered crossbars},
booktitle = {24th Annual IEEE International Conference on Computer Communications},
year = {2005}
}

%%%%%%%%%%%%%%%%%%%%%%%%%%%%%%%%%%%%
%previous max pressure references

%Mirchandani and Head
@article{Mirchandani,
        author = {P. Mirchandani and L. Head},
        title = {A real-time traffic signal control system: architecture, algorithms, and analysis.},
        journal = {Transportation Research Part C,},
        volume = {9}, 
        pages = {415-432},
        year = {2001}
}

%Papageorgiou
@inproceedings{Papageorgiou,
        author = {M. Papageorgiou, C. Diakaki, V. Dinopoulou, A. Kotsialos, and Y. Wang},
        title = {Review of road traffic control strategies},
        journal = {Proceedings of the IEEE},
        volume = {91},
	number = {12},
	pages = {2043--2067},
        month = {dec},
        year = {2003}
}

%Xie and al
@article{Xie,
        author = {X-F. Xie, S. Smith, L. Lu, and G. Barlow},
        title = {Schedule-driven intersection control. },
        journal = {Transportation Research Part C},
        volume = {24},
        pages = {168-189}
        year = {2012}
}

%time control max pressure

%Allsop
@article{Allsop,
        author = {R.E. Allsop},
        title = {Estimating the traffic capacity of a signalized road junction},
        journal = {Transportation Research},
        volume = {6},
        pages={245-255},
        year = {1972}
}

%Wong and al.
@article{Wong,
        author = {S.C. Wong and H. Yang},
        title = {Reserve capacity of a signal-controlled road network},
        journal = {Transportation Research Part B},
        volume = {31},
        number ={5},
        pages = {397-402},
        year = {1997}
}

%%%%%%%%%%%%%%%%%%%%%%%%%%%%%%%%%%%%
%intro / consensus max pressure article

%osorio and bierlaire

@article{ModelSignalOpt,
author = {Osorio, C and Bierlaire, M},
title = {A multiple model approach for traffic signal optimization in the city of Lausanne},
booktitle = {8th Swiss Transport Research Conference},
year = {2008}
}

@article{ModelFiniteNetwork,
author = {Osorio, Carolina and Bierlaire, Michel},
title = {An analytic finite capacity queueing network model capturing the propagation of congestion and blocking},
journal = {European Journal of Operational Research},
year = {2009},
volume = {196},
number = {3},
pages = {996--1007},
month = aug
}



@inproceedings{StabRelayNetworks,
author = {Pajic, Miroslav and Sundaram, Shreyas and Pappas, George J},
title = {Stabilizability over Deterministic Relay Networks},
booktitle = {52nd IEEE Conference on Decision and Control},
year = {2013}
}


@inproceedings{ControlWireless,
author = {Pajic, Miroslav and Sundaram, Shreyas and Le Ny, Jerome and Pappas, George J and Mangharam, Rahul},
title = {Closing the loop: a simple distributed method for control over wireless networks},
booktitle = {11th international conference on Information Processing in Sensor Networks},
year = {2012},
pages = {25--36},
publisher = {ACM},
address = {New York, New York, USA},
month = apr
}




%baras
%%%%%%%%%%%%%%%%%%%%%%%%
@article{NetworkBarasOne,
        author = {N. Liu, J.S. Baras},
        title = {On Scaling Property of Network Traffic in Small Scales},
        volume = {},
        number = {},
        month = {},
        note = {Submitted},
        year = {2013}
}
%%%%%%%%%%%%%%%%%%%%%%%%%%%%%%%%%%
@article{NetworkBarasTwo,
        author = {X. Liu, J.S. Baras},
        title = {Understanding Multi-Scaling Network Traffic: A Structural TCP Traffic Model},
        volume = {},
        number = {},
        month = {},
        note = {Submitted},
        year = {2013}
}


@article{SynchroComplexNetworks,
author = {D{\"o}rfler, F and Bullo, F},
title = {Synchronization in Complex Oscillator Networks: A Survey},
journal = {preprint, submitted to Automatica}
year ={2013}
}



%egerstedt

@inproceedings{MultiQueues,
        author = {M. Egerstedt and Y.Wardi},
        title = {Multi-Process Control Using Queuing Theory},
        booktitle = {IEEE Conference on Decision and Control},
	note={Las Vegas, NV}
        month = {Dec},
        year = {2002}
}

@inproceedings{CDC03OptSwitch,
        author = {M. Egerstedt, Y. Wardi, and F. Delmotte},
        title = {Optimal Control of Switching Times in Switched Dynamical Systems},
        booktitle = {IEEE Conference on Decision and Control},
	note={Maui, Hawaii}
        month = {Dec},
        year = {2003}
}

%cortes

%martinez
